%! Author = ryan
%! Date = 12/26/21


@ARTICLE{Ising_model_505,
    title  = "{MATH} 505 Project: Ising model -- Phase transition",
    author = "Di Li Zheng Dai, Xin-Zeng Wu"
}


